% Encoding: UTF-8

@Article{schuler2017synth,
  author  = {Schuler, Alejandro and Jung, Ken and Tibshirani, Robert and Hastie, Trevor and Shah, Nigam},
  title   = {Synth-Validation: Selecting the Best Causal Inference Method for a Given Dataset},
  journal = {arXiv preprint arXiv:1711.00083},
  year    = {2017},
}

@Article{wager2018estimation,
  author    = {Wager, Stefan and Athey, Susan},
  title     = {Estimation and inference of heterogeneous treatment effects using random forests},
  journal   = {Journal of the American Statistical Association},
  year      = {2018},
  volume    = {113},
  number    = {523},
  pages     = {1228--1242},
  publisher = {Taylor \& Francis},
}

@Article{athey2019generalized,
  author    = {Athey, Susan and Tibshirani, Julie and Wager, Stefan and others},
  title     = {Generalized random forests},
  journal   = {The Annals of Statistics},
  year      = {2019},
  volume    = {47},
  number    = {2},
  pages     = {1148--1178},
  publisher = {Institute of Mathematical Statistics},
}

@Comment{jabref-meta: databaseType:bibtex;}
